@Misc{name_of_reference,
	title = {},
	year  = {},
	website  = {}
}
